<record><leader>00000cas a2200000 a 4500</leader><controlfield tag="001">11804986</controlfield><controlfield tag="008">850314d18731915ksuwr ne      0   a0eng d</controlfield><datafield ind1=" " ind2=" " tag="010"><subfield code="a">sn 85031035 </subfield></datafield><datafield ind1=" " ind2=" " tag="040"><subfield code="a">KSH</subfield><subfield code="b">eng</subfield><subfield code="c">KSH</subfield><subfield code="d">NPT</subfield><subfield code="d">NVF</subfield><subfield code="d">OCL</subfield><subfield code="d">OCLCQ</subfield></datafield><datafield ind1=" " ind2=" " tag="042"><subfield code="a">msc</subfield></datafield><datafield ind1="0" ind2="4" tag="245"><subfield code="a">The Peabody gazette.</subfield></datafield><datafield ind1=" " ind2=" " tag="260"><subfield code="a">Peabody, Kan. :</subfield><subfield code="b">John P. Church,</subfield><subfield code="c">-1915.</subfield></datafield><datafield ind1=" " ind2=" " tag="300"><subfield code="a">v. :</subfield><subfield code="b">ill. ;</subfield><subfield code="c">66 cm.</subfield></datafield><datafield ind1=" " ind2=" " tag="310"><subfield code="a">Weekly,</subfield><subfield code="b">Dec. 20, 1888-Sept. 2, 1915</subfield></datafield><datafield ind1=" " ind2=" " tag="321"><subfield code="a">Weekly,</subfield><subfield code="b">&lt;Jan. 21, 1876&gt;-Jan. 4, 1888</subfield></datafield><datafield ind1=" " ind2=" " tag="321"><subfield code="a">Semiweekly,</subfield><subfield code="b">Jan. 11-Dec. 13, 1888</subfield></datafield><datafield ind1="0" ind2=" " tag="362"><subfield code="a">-v. 43, no. 7 (Sept. 2, 1915).</subfield></datafield><datafield ind1="1" ind2=" " tag="362"><subfield code="a">Began in 1873.</subfield><subfield code="z">Cf. Rowell, 1900.</subfield></datafield><datafield ind1=" " ind2=" " tag="500"><subfield code="a">Publisher varies.</subfield></datafield><datafield ind1=" " ind2=" " tag="525"><subfield code="a">Includes supplements.</subfield></datafield><datafield ind1=" " ind2=" " tag="588"><subfield code="a">Description based on: Vol. 3, no. 21 (Jan. 21, 1876).</subfield></datafield><datafield ind1=" " ind2=" " tag="752"><subfield code="a">United States</subfield><subfield code="b">Kansas</subfield><subfield code="c">Marion</subfield><subfield code="d">Peabody.</subfield></datafield><datafield ind1="0" ind2="5" tag="780"><subfield code="t">Peabody post</subfield><subfield code="g">Aug. 31, 1882</subfield><subfield code="w">(DLC)sn 85031034</subfield></datafield><datafield ind1="0" ind2="7" tag="785"><subfield code="t">Peabody herald</subfield><subfield code="w">(DLC)sn 85031036</subfield></datafield><datafield ind1="0" ind2="7" tag="785"><subfield code="t">Peabody gazette-herald</subfield><subfield code="w">(DLC)sn 85031037</subfield></datafield><datafield ind1="1" ind2=" " tag="029"><subfield code="a">AU@</subfield><subfield code="b">000020378706</subfield></datafield></record>